@article{baron-cohen-aq,
	title = {The Autism-Spectrum Quotient ({AQ}): Evidence from Asperger Syndrome/High-Functioning Autism, Malesand Females, Scientists and Mathematicians},
	author = {Baron-Cohen, Simon and Wheelwright, Sally and Skinner, Richard and Martin, Joanne and Clubley, Emma},
	langid = {english},
}
